@article{bahar1997direct,
  title={{Direct evaluation of thermal fluctuations in proteins using a single-parameter harmonic potential}},
  author={Bahar, I. and Atilgan, A.R. and Erman, B.},
  journal={Folding and Design},
  volume={2},
  number={3},
  pages={173--181},
  year={1997},
  publisher={Elsevier}
}

@article{atilgan2001anisotropy,
  title={{Anisotropy of fluctuation dynamics of proteins with an elastic network model}},
  author={Atilgan, AR and Durell, SR and Jernigan, RL and Demirel, MC and Keskin, O. and Bahar, I.},
  journal={Biophys. J.},
  volume={80},
  number={1},
  pages={505--515},
  year={2001},
  publisher={Elsevier}
}

@article{yogurtcu2009statistical,
  title={{Statistical thermodynamics of residue fluctuations in native proteins}},
  author={Yogurtcu, O.N. and Gur, M. and Erman, B.},
  journal={J. Chem. Phys.},
  volume={130},
  number={9},
  year={2009},
  publisher={American Institute of Physics}
}

@article{moritsugu2000vibrational,
  title={{Vibrational energy transfer in a protein molecule}},
  author={Moritsugu, K. and Miyashita, O. and Kidera, A.},
  journal={Phys. Rev. Lett.},
  volume={85},
  number={18},
  pages={3970--3973},
  year={2000},
  publisher={APS}
}

@article{flory1974moments,
  title={{Moments and distribution functions for polymer chains of finite length. I. Theory}},
  author={Flory, PJ and Yoon, DY},
  journal={J. Chem. Phys.},
  volume={61},
  pages={5358--5365},
  year={1974}
}

@article{yoon1974moments,
  title={{Moments and distribution functions for polymer chains of finite length. II. Polymethylene chains}},
  author={Yoon, DY and Flory, PJ},
  journal={J. Chem. Phys.},
  volume={61},
  pages={5366--5380},
  year={1974}
}

@book{cui2006normal,
  title={{Normal mode analysis: theory and applications to biological and chemical systems}},
  author={Cui, Q. and Bahar, I.},
  year={2006},
  publisher={CRC Press}
}

@article{hayfield2008nonparametric,
  title={{Nonparametric econometrics: The np package}},
  author={Hayfield, T. and Racine, J.S.},
  journal={Journal of Statistical Software},
  volume={27},
  number={5},
  pages={1--32},
  year={2008}
}

@article{hayward1994harmonic,
  title={{Harmonic and anharmonic aspects in the dynamics of BPTI: a normal mode analysis and principal component analysis.}},
  author={Hayward, S. and Kitao, A. and Go, N.},
  journal={Protein Science},
  volume={3},
  number={6},
  pages={936},
  year={1994},
  publisher={Blackwell Publishing}
}

@article{pontiggia2007anharmonicity,
  title={{Anharmonicity and self-similarity of the free energy landscape of protein G}},
  author={Pontiggia, F. and Colombo, G. and Micheletti, C. and Orland, H.},
  journal={Phys. Rev. Lett.},
  volume={98},
  number={4},
  pages={48102},
  year={2007},
  publisher={APS}
}

@article{leitner2008energy,
  title={{Energy flow in proteins}},
  author={Leitner, DM},
  journal={Annual Review of Physical Chemistry},
  volume={59},
  pages={233--259},
  year={2008}
}

@article{garcia1992large,
  title={{Large-amplitude nonlinear motions in proteins}},
  author={Garc{\'\i}a, A.E.},
  journal={Phys. Rev. Lett.},
  volume={68},
  number={17},
  pages={2696--2699},
  year={1992},
  publisher={APS}
}

@article{teeter1990harmonic,
  title={{Harmonic and quasiharmonic descriptions of crambin}},
  author={Teeter, M.M. and Case, D.A.},
  journal={J. Phys. Chem.},
  volume={94},
  number={21},
  pages={8091--8097},
  year={1990},
  publisher={American Chemical Society}
}

@article{levitt1985protein,
  title={{Protein normal-mode dynamics: trypsin inhibitor, crambin, ribonuclease and lysozyme}},
  author={Levitt, M. and Sander, C. and Stern, P.S.},
  journal={J. Mol. Biol.},
  volume={181},
  number={3},
  pages={423--447},
  year={1985},
  publisher={Elsevier}
}

@article{lange2006can,
  title={{Can principal components yield a dimension reduced description of protein dynamics on long time scales?}},
  author={Lange, O.F. and Grubmuller, H.},
  journal={J. Phys. Chem. B},
  volume={110},
  number={45},
  pages={22842--22852},
  year={2006}
}
